<marc:record xmlns:marc="http://www.loc.gov/MARC21/slim" xmlns:xsi="http://www.w3.org/2001/XMLSchema-instance" xsi:schemaLocation="http://www.loc.gov/MARC21/slim http://www.loc.gov/standards/marcxml/schema/MARC21slim.xsd">
  <marc:leader>     cam a2200313   45M</marc:leader>
  <marc:controlfield tag="001">002861605</marc:controlfield>
  <marc:controlfield tag="003">NNU</marc:controlfield>
  <marc:controlfield tag="005">19940713181853.0</marc:controlfield>
  <marc:controlfield tag="008">871020m19601964ir h     b    000 0 arax </marc:controlfield>
  <marc:datafield tag="010" ind1=" " ind2=" ">
    <marc:subfield code="a">NE 64000354</marc:subfield>
  </marc:datafield>
  <marc:datafield tag="035" ind1="9" ind2=" ">
    <marc:subfield code="a">NYUb10576511</marc:subfield>
  </marc:datafield>
  <marc:datafield tag="035" ind1=" " ind2=" ">
    <marc:subfield code="a">(CStRLIN)NYUG87-B32682</marc:subfield>
  </marc:datafield>
  <marc:datafield tag="035" ind1=" " ind2=" ">
    <marc:subfield code="a">GLIS005765118</marc:subfield>
  </marc:datafield>
  <marc:datafield tag="040" ind1=" " ind2=" ">
    <marc:subfield code="c">NN</marc:subfield>
    <marc:subfield code="d">NN</marc:subfield>
    <marc:subfield code="d">NNU</marc:subfield>
  </marc:datafield>
  <marc:datafield tag="050" ind1="0" ind2=" ">
    <marc:subfield code="a">B753.G33</marc:subfield>
    <marc:subfield code="b">I54</marc:subfield>
  </marc:datafield>
  <marc:datafield tag="090" ind1=" " ind2=" ">
    <marc:subfield code="i">02/01/89 T</marc:subfield>
    <marc:subfield code="h">12/08/87 CT</marc:subfield>
    <marc:subfield code="h">12/07/87 CT</marc:subfield>
    <marc:subfield code="h">10/20/87 CT</marc:subfield>
  </marc:datafield>
  <marc:datafield tag="100" ind1="1" ind2=" ">
    <marc:subfield code="a">Fayḍ al-Kāshī, Muḥammad ibn Murtaḍá,</marc:subfield>
    <marc:subfield code="d">1598 or 9-1680 or 81.</marc:subfield>
  </marc:datafield>
  <marc:datafield tag="245" ind1="1" ind2="3">
    <marc:subfield code="a">al-Maḥajjah al-bayḍāʼ fī tahdhīb al-Iḥyāʼ,</marc:subfield>
    <marc:subfield code="c">taʼlīf Muḥammad ibn al-Murtaḍá al-madʻū bi-al-Mawlá Muḥsin al-Kāshānī. Ṣaḥḥaḥahu wa-ʻallaqa ʻalayhi ʻAlī Akbar al-Ghaffārī.</marc:subfield>
  </marc:datafield>
  <marc:datafield tag="260" ind1=" " ind2=" ">
    <marc:subfield code="a">Ṭihrān,</marc:subfield>
    <marc:subfield code="b">Maktabat al-Ṣaddūq</marc:subfield>
    <marc:subfield code="c">1339-42 [1960-63 or 4]</marc:subfield>
  </marc:datafield>
  <marc:datafield tag="300" ind1=" " ind2=" ">
    <marc:subfield code="a">8 v. in 4:</marc:subfield>
    <marc:subfield code="b">facsims.</marc:subfield>
    <marc:subfield code="c">25 cm.</marc:subfield>
  </marc:datafield>
  <marc:datafield tag="500" ind1=" " ind2=" ">
    <marc:subfield code="a">In Arabic.</marc:subfield>
  </marc:datafield>
  <marc:datafield tag="504" ind1=" " ind2=" ">
    <marc:subfield code="a">Bibliography: v. 1, p.[36]-38.</marc:subfield>
  </marc:datafield>
  <marc:datafield tag="600" ind1="0" ind2="0">
    <marc:subfield code="a">Ghazzālī,</marc:subfield>
    <marc:subfield code="d">1058-1111.</marc:subfield>
    <marc:subfield code="t">Iḥyāʼ ʻulūm al-dīn.</marc:subfield>
  </marc:datafield>
  <marc:datafield tag="700" ind1="1" ind2=" ">
    <marc:subfield code="a">Ghaffārī, ʻAlī Akbar</marc:subfield>
  </marc:datafield>
  <marc:datafield tag="950" ind1=" " ind2=" ">
    <marc:subfield code="l">BMAIN</marc:subfield>
    <marc:subfield code="a">B753.G33</marc:subfield>
    <marc:subfield code="b">I54 1960</marc:subfield>
    <marc:subfield code="n">455:sl\Unanalyzed\</marc:subfield>
    <marc:subfield code="h">12/08/87 C</marc:subfield>
    <marc:subfield code="h">12/07/87 C</marc:subfield>
    <marc:subfield code="h">10/20/87 C</marc:subfield>
  </marc:datafield>
  <marc:datafield tag="955" ind1=" " ind2=" ">
    <marc:subfield code="l">BMAIN</marc:subfield>
    <marc:subfield code="c">1:v.7/8</marc:subfield>
    <marc:subfield code="r">012585306</marc:subfield>
    <marc:subfield code="h">10/20/87 C</marc:subfield>
  </marc:datafield>
  <marc:datafield tag="955" ind1=" " ind2=" ">
    <marc:subfield code="l">BMAIN</marc:subfield>
    <marc:subfield code="c">1:v.5/6</marc:subfield>
    <marc:subfield code="r">012585298</marc:subfield>
    <marc:subfield code="h">10/20/87 C</marc:subfield>
  </marc:datafield>
  <marc:datafield tag="955" ind1=" " ind2=" ">
    <marc:subfield code="l">BMAIN</marc:subfield>
    <marc:subfield code="c">1:v.3/4</marc:subfield>
    <marc:subfield code="r">012585272</marc:subfield>
    <marc:subfield code="h">10/20/87 C</marc:subfield>
  </marc:datafield>
  <marc:datafield tag="955" ind1=" " ind2=" ">
    <marc:subfield code="l">BMAIN</marc:subfield>
    <marc:subfield code="c">1:v.1/2</marc:subfield>
    <marc:subfield code="r">012585264</marc:subfield>
    <marc:subfield code="h">10/20/87 C</marc:subfield>
  </marc:datafield>
  <marc:datafield tag="998" ind1=" " ind2=" ">
    <marc:subfield code="a">02/01/89</marc:subfield>
    <marc:subfield code="t">c</marc:subfield>
    <marc:subfield code="s">9114</marc:subfield>
    <marc:subfield code="n">NNU</marc:subfield>
    <marc:subfield code="w">NYPG85B7732</marc:subfield>
    <marc:subfield code="d">10/20/87</marc:subfield>
    <marc:subfield code="b">JWS</marc:subfield>
    <marc:subfield code="i">890201</marc:subfield>
    <marc:subfield code="h">871208</marc:subfield>
    <marc:subfield code="h">871207</marc:subfield>
    <marc:subfield code="h">871020</marc:subfield>
    <marc:subfield code="l">NYUG</marc:subfield>
  </marc:datafield>
</marc:record>
